@phdthesis{ahmedthesis,
  title={Semantics of types for mutable state},
  author={Ahmed, Amal Jamil},
  year={2004},
  school={Princeton University}
}
